@book{martinez2013learning,
  title={Learning ROS for robotics programming},
  author={Martinez, Aaron and Fern{\'a}ndez, Enrique},
  year={2013},
  publisher={Packt Publishing Ltd}
}
@misc{riedel2019itarch,
	title={Vorlesungsmanuskript IT-Architekturen in der Produktion},
	author={Oliver Riedel},
	year={2019},
	publisher={Universit√§t Stuttgart}
}
@misc{aniskoubaa2019, 
	title={Writing a Simple Publisher and Subscriber (Python)}, 
	url={http://wiki.ros.org/ROS/Tutorials/WritingPublisherSubscriber(python)}, 
	journal={ros.org}, 
	year={2019}, 
	month={Jul}}